<?xml version="1.0" encoding="utf-8"?>
<marc:collection xmlns:marc="http://www.loc.gov/MARC21/slim"
    xmlns:xsi="http://www.w3.org/2001/XMLSchema-instance"
    xsi:schemaLocation="http://www.loc.gov/MARC21/slim http://www.loc.gov/standards/marcxml/schema/MARC21slim.xsd">
<!--(1) mms id: 9915485784807426
    displaying $a DigiMet and $p 102
    normal DigiMet record. No issues displayed.-->
<marc:record>
    <marc:leader>01551cam a2200433I  4500</marc:leader>
    <marc:controlfield tag="001">9915485784807426</marc:controlfield>
    <marc:controlfield tag="005">20240620172326.0</marc:controlfield>
    <marc:controlfield tag="008">861118s1906    mnuaf         000 0 eng  </marc:controlfield>
    <marc:datafield tag="010" ind1=" " ind2=" ">
        <marc:subfield code="a">   07012693 </marc:subfield>
    </marc:datafield>
    <marc:datafield tag="016" ind1="7" ind2=" ">
        <marc:subfield code="a">CAT10723995</marc:subfield>
        <marc:subfield code="2">DNAL</marc:subfield>
    </marc:datafield>
    <marc:datafield tag="035" ind1=" " ind2=" ">
        <marc:subfield code="a">330449</marc:subfield>
    </marc:datafield>
    <marc:datafield tag="035" ind1=" " ind2=" ">
        <marc:subfield code="a">(OCoLC)21242668</marc:subfield>
    </marc:datafield>
    <marc:datafield tag="035" ind1=" " ind2=" ">
        <marc:subfield code="a">(DNAL)330449-naldb-Voyager</marc:subfield>
    </marc:datafield>
    <marc:datafield tag="040" ind1=" " ind2=" ">
        <marc:subfield code="a">DLC</marc:subfield>
        <marc:subfield code="b">eng</marc:subfield>
        <marc:subfield code="c">MFM</marc:subfield>
        <marc:subfield code="d">OCL</marc:subfield>
        <marc:subfield code="d">AGL</marc:subfield>
        <marc:subfield code="d">OCLCF</marc:subfield>
        <marc:subfield code="d">OCLCQ</marc:subfield>
        <marc:subfield code="d">OCLCO</marc:subfield>
    </marc:datafield>
    <marc:datafield tag="049" ind1=" " ind2=" ">
        <marc:subfield code="a">RQIB</marc:subfield>
    </marc:datafield>
    <marc:datafield tag="050" ind1="0" ind2="0">
        <marc:subfield code="a">SF487</marc:subfield>
        <marc:subfield code="b">.P875</marc:subfield>
    </marc:datafield>
    <marc:datafield tag="070" ind1="0" ind2=" ">
        <marc:subfield code="a">47</marc:subfield>
        <marc:subfield code="b">P863</marc:subfield>
    </marc:datafield>
    <marc:datafield tag="072" ind1=" " ind2="0">
        <marc:subfield code="a">N100</marc:subfield>
    </marc:datafield>
    <marc:datafield tag="072" ind1=" " ind2="0">
        <marc:subfield code="a">N200</marc:subfield>
    </marc:datafield>
    <marc:datafield tag="245" ind1="0" ind2="0">
        <marc:subfield code="a">Poultry houses, coops and equipment.</marc:subfield>
        <marc:subfield code="b">A book of new plans for building practical, up-to-date colony houses, continuous houses, roosting coops, brood coops, fixtures and utensils; for the farmer, the village poultry keeper and the exclusive poultry raiser ...</marc:subfield>
    </marc:datafield>
    <marc:datafield tag="260" ind1=" " ind2=" ">
        <marc:subfield code="a">St. Paul, Minn.,</marc:subfield>
        <marc:subfield code="b">Webb Pub. Co.</marc:subfield>
        <marc:subfield code="c">[©1906]</marc:subfield>
    </marc:datafield>
    <marc:datafield tag="300" ind1=" " ind2=" ">
        <marc:subfield code="a">96 pages</marc:subfield>
        <marc:subfield code="b">illustrations, plates, diagrams</marc:subfield>
        <marc:subfield code="c">19 cm</marc:subfield>
    </marc:datafield>
    <marc:datafield tag="336" ind1=" " ind2=" ">
        <marc:subfield code="a">text</marc:subfield>
        <marc:subfield code="b">txt</marc:subfield>
        <marc:subfield code="2">rdacontent</marc:subfield>
    </marc:datafield>
    <marc:datafield tag="337" ind1=" " ind2=" ">
        <marc:subfield code="a">unmediated</marc:subfield>
        <marc:subfield code="b">n</marc:subfield>
        <marc:subfield code="2">rdamedia</marc:subfield>
    </marc:datafield>
    <marc:datafield tag="338" ind1=" " ind2=" ">
        <marc:subfield code="a">volume</marc:subfield>
        <marc:subfield code="b">nc</marc:subfield>
        <marc:subfield code="2">rdacarrier</marc:subfield>
    </marc:datafield>
    <marc:datafield tag="591" ind1=" " ind2=" ">
        <marc:subfield code="b">NAL Reclamation</marc:subfield>
    </marc:datafield>
    <marc:datafield tag="593" ind1=" " ind2=" ">
        <marc:subfield code="f">Agricola CAT</marc:subfield>
    </marc:datafield>
    <marc:datafield tag="650" ind1=" " ind2="0">
        <marc:subfield code="a">Farm buildings.</marc:subfield>
        <marc:subfield code="0">http://id.loc.gov/authorities/subjects/sh85047200</marc:subfield>
    </marc:datafield>
    <marc:datafield tag="650" ind1=" " ind2="0">
        <marc:subfield code="a">Poultry.</marc:subfield>
        <marc:subfield code="0">http://id.loc.gov/authorities/subjects/sh85105892</marc:subfield>
    </marc:datafield>
    <marc:datafield tag="655" ind1=" " ind2="3">
        <marc:subfield code="a">Internet resource.</marc:subfield>
    </marc:datafield>
    <marc:datafield tag="856" ind1="4" ind2="1">
        <marc:subfield code="u">https://archive.org/details/poultryhousescoo00unse</marc:subfield>
    </marc:datafield>
    <marc:datafield tag="911" ind1=" " ind2=" ">
        <marc:subfield code="i">chl00017858</marc:subfield>
    </marc:datafield>
    <marc:datafield tag="912" ind1=" " ind2=" ">
        <marc:subfield code="a">nalcatalog</marc:subfield>
    </marc:datafield>
    <marc:datafield tag="930" ind1=" " ind2=" ">
        <marc:subfield code="a">20160525</marc:subfield>
        <marc:subfield code="b">20160603</marc:subfield>
        <marc:subfield code="c">00000000</marc:subfield>
    </marc:datafield>
    <marc:datafield tag="939" ind1=" " ind2=" ">
        <marc:subfield code="a">20140702</marc:subfield>
        <marc:subfield code="b">20140807</marc:subfield>
        <marc:subfield code="c">00000000</marc:subfield>
    </marc:datafield>
    <marc:datafield tag="945" ind1=" " ind2=" ">
        <marc:subfield code="a">DigiMet</marc:subfield>
        <marc:subfield code="p">102</marc:subfield>
    </marc:datafield>
    <marc:datafield tag="946" ind1=" " ind2=" ">
        <marc:subfield code="a">Other US</marc:subfield>
    </marc:datafield>
    <marc:datafield tag="994" ind1=" " ind2=" ">
        <marc:subfield code="a">92</marc:subfield>
        <marc:subfield code="b">AGL</marc:subfield>
    </marc:datafield>
</marc:record>