
<!--(2) mms id: 9915485429307426 
    Discussing how to resolve subfield $p preceding $a in display
 
 
 RESULTING TRANSFORMATION:
   BEFORE*:
   <marc:datafield tag="945" ind1=" " ind2=" ">
        <marc:datafield tag="945" ind1=" " ind2=" ">
        <marc:subfield code="d">ML</marc:subfield>
        <marc:subfield code="e">2003/09/12</marc:subfield>
        <marc:subfield code="f">RY</marc:subfield>
        <marc:subfield code="g">2003/09/17</marc:subfield>
        <marc:subfield code="n">1</marc:subfield>
    </marc:datafield>
    <marc:datafield tag="945" ind1=" " ind2=" ">
        <marc:subfield code="p">24</marc:subfield>
        <marc:subfield code="a">DigiMet</marc:subfield>
    </marc:datafield>
    
    *The excerpt BEFORE displays the issue formerly found in the resulting transformations, 

====================================================================================================
 HOW TO RESOLVE: 
  1. Converting .mrc into .mrk 
  2. Then using "Find/Replace", checking "Use Regular Expression" and "MultiLine Evaluation"
  3. Apply the following RegEx: (\=945.{5}[^avp].*)\s+(\=945.{5}[avp]\d+)\s+(\=945.{5}aDigiMet)
  4. Replace with: $3\n$2\n$1
  5. Click "Execute"
====================================================================================================
  
   AFTER***:
   <marc:datafield tag="945" ind1=" " ind2=" ">
        <marc:datafield tag="945" ind1=" " ind2=" ">
        <marc:subfield code="d">ML</marc:subfield>
        <marc:subfield code="e">2003/09/12</marc:subfield>
        <marc:subfield code="f">RY</marc:subfield>
        <marc:subfield code="g">2003/09/17</marc:subfield>
        <marc:subfield code="n">1</marc:subfield>
    </marc:datafield>
    <marc:datafield tag="945" ind1=" " ind2=" ">
        <marc:subfield code="a">DigiMet</marc:subfield>
        <marc:subfield code="p">24</marc:subfield>
    </marc:datafield>
    
    ***The excerpt "AFTER" comes from the resulting transfomation seen below.
   
-->
<marc:record>
    <marc:leader>01719cam a2200481Ia 4500</marc:leader>
    <marc:controlfield tag="001">9915485429307426</marc:controlfield>
    <marc:controlfield tag="005">20240620171917.0</marc:controlfield>
    <marc:controlfield tag="008">030917s1958    ncuab    b   f000 0 eng d</marc:controlfield>
    <marc:datafield tag="016" ind1="7" ind2=" ">
        <marc:subfield code="a">CAT11138452</marc:subfield>
        <marc:subfield code="2">DNAL</marc:subfield>
    </marc:datafield>
    <marc:datafield tag="035" ind1=" " ind2=" ">
        <marc:subfield code="a">905206</marc:subfield>
    </marc:datafield>
    <marc:datafield tag="035" ind1=" " ind2=" ">
        <marc:subfield code="a">(OCoLC)50545016</marc:subfield>
    </marc:datafield>
    <marc:datafield tag="035" ind1=" " ind2=" ">
        <marc:subfield code="a">(DNAL)905206-naldb-Voyager</marc:subfield>
    </marc:datafield>
    <marc:datafield tag="040" ind1=" " ind2=" ">
        <marc:subfield code="a">VXG</marc:subfield>
        <marc:subfield code="b">eng</marc:subfield>
        <marc:subfield code="c">VXG</marc:subfield>
        <marc:subfield code="d">AGL</marc:subfield>
        <marc:subfield code="d">KLG</marc:subfield>
        <marc:subfield code="d">MTG</marc:subfield>
        <marc:subfield code="d">OCLCF</marc:subfield>
        <marc:subfield code="d">OCLCQ</marc:subfield>
    </marc:datafield>
    <marc:datafield tag="049" ind1=" " ind2=" ">
        <marc:subfield code="a">AGLL</marc:subfield>
    </marc:datafield>
    <marc:datafield tag="050" ind1=" " ind2="0">
        <marc:subfield code="a">SD144.A15</marc:subfield>
        <marc:subfield code="b">S73 no. 89</marc:subfield>
    </marc:datafield>
    <marc:datafield tag="070" ind1="0" ind2=" ">
        <marc:subfield code="a">1.9622</marc:subfield>
        <marc:subfield code="b">S4St2 no. 89</marc:subfield>
    </marc:datafield>
    <marc:datafield tag="072" ind1=" " ind2="0">
        <marc:subfield code="a">F700</marc:subfield>
    </marc:datafield>
    <marc:datafield tag="072" ind1=" " ind2="0">
        <marc:subfield code="a">F100</marc:subfield>
    </marc:datafield>
    <marc:datafield tag="072" ind1=" " ind2="0">
        <marc:subfield code="a">K001</marc:subfield>
    </marc:datafield>
    <marc:datafield tag="086" ind1="0" ind2=" ">
        <marc:subfield code="a">A 13.63/9:89</marc:subfield>
    </marc:datafield>
    <marc:datafield tag="100" ind1="1" ind2=" ">
        <marc:subfield code="a">Renshaw, James F.</marc:subfield>
    </marc:datafield>
    <marc:datafield tag="245" ind1="1" ind2="0">
        <marc:subfield code="a">Silvical characteristics of yellow-poplar (Liriodendron tulipifera L.) /</marc:subfield>
        <marc:subfield code="c">by James F. Renshaw and Warren T. Doolittle.</marc:subfield>
    </marc:datafield>
    <marc:datafield tag="260" ind1=" " ind2=" ">
        <marc:subfield code="a">Asheville, N.C. :</marc:subfield>
        <marc:subfield code="b">U.S. Dept. of Agriculture, Forest Service, Southeastern Forest Experiment Station,</marc:subfield>
        <marc:subfield code="c">[1958]</marc:subfield>
    </marc:datafield>
    <marc:datafield tag="300" ind1=" " ind2=" ">
        <marc:subfield code="a">18 pages :</marc:subfield>
        <marc:subfield code="b">illustrations, map ;</marc:subfield>
        <marc:subfield code="c">27 cm.</marc:subfield>
    </marc:datafield>
    <marc:datafield tag="336" ind1=" " ind2=" ">
        <marc:subfield code="a">text</marc:subfield>
        <marc:subfield code="b">txt</marc:subfield>
        <marc:subfield code="2">rdacontent</marc:subfield>
    </marc:datafield>
    <marc:datafield tag="337" ind1=" " ind2=" ">
        <marc:subfield code="a">unmediated</marc:subfield>
        <marc:subfield code="b">n</marc:subfield>
        <marc:subfield code="2">rdamedia</marc:subfield>
    </marc:datafield>
    <marc:datafield tag="338" ind1=" " ind2=" ">
        <marc:subfield code="a">volume</marc:subfield>
        <marc:subfield code="b">nc</marc:subfield>
        <marc:subfield code="2">rdacarrier</marc:subfield>
    </marc:datafield>
    <marc:datafield tag="490" ind1="1" ind2=" ">
        <marc:subfield code="a">Station paper ;</marc:subfield>
        <marc:subfield code="v">no. 89</marc:subfield>
    </marc:datafield>
    <marc:datafield tag="504" ind1=" " ind2=" ">
        <marc:subfield code="a">Includes bibliographical references (pages 15-18).</marc:subfield>
    </marc:datafield>
    <marc:datafield tag="591" ind1=" " ind2=" ">
        <marc:subfield code="b">NAL Reclamation</marc:subfield>
    </marc:datafield>
    <marc:datafield tag="593" ind1=" " ind2=" ">
        <marc:subfield code="f">Agricola CAT</marc:subfield>
    </marc:datafield>
    <marc:datafield tag="650" ind1=" " ind2="0">
        <marc:subfield code="a">Liriodendron tulipifera.</marc:subfield>
        <marc:subfield code="0">http://id.loc.gov/authorities/subjects/sh85077428</marc:subfield>
    </marc:datafield>
    <marc:datafield tag="655" ind1=" " ind2="3">
        <marc:subfield code="a">Internet resource.</marc:subfield>
    </marc:datafield>
    <marc:datafield tag="700" ind1="1" ind2=" ">
        <marc:subfield code="a">Doolittle, Warren T.</marc:subfield>
        <marc:subfield code="q">(Warren Truman),</marc:subfield>
        <marc:subfield code="d">1921-</marc:subfield>
    </marc:datafield>
    <marc:datafield tag="830" ind1=" " ind2="0">
        <marc:subfield code="a">Station paper (Southeastern Forest Experiment Station (Asheville, N.C.)) ;</marc:subfield>
        <marc:subfield code="v">no. 89.</marc:subfield>
    </marc:datafield>
    <marc:datafield tag="856" ind1="4" ind2="1">
        <marc:subfield code="u">https://archive.org/details/silvicalcharacte89rens</marc:subfield>
    </marc:datafield>
    <marc:datafield tag="912" ind1=" " ind2=" ">
        <marc:subfield code="a">nalcatalog</marc:subfield>
    </marc:datafield>
    <marc:datafield tag="930" ind1=" " ind2=" ">
        <marc:subfield code="a">20140702</marc:subfield>
        <marc:subfield code="b">20140807</marc:subfield>
        <marc:subfield code="c">00000000</marc:subfield>
    </marc:datafield>
    <marc:datafield tag="945" ind1=" " ind2=" ">
        <marc:subfield code="d">ML</marc:subfield>
        <marc:subfield code="e">2003/09/12</marc:subfield>
        <marc:subfield code="f">RY</marc:subfield>
        <marc:subfield code="g">2003/09/17</marc:subfield>
        <marc:subfield code="n">1</marc:subfield>
    </marc:datafield>
    <marc:datafield tag="945" ind1=" " ind2=" ">
        <marc:subfield code="a">DigiMet</marc:subfield>
        <marc:subfield code="p">24</marc:subfield>
    </marc:datafield>
    <marc:datafield tag="946" ind1=" " ind2=" ">
        <marc:subfield code="a">USDA</marc:subfield>
    </marc:datafield>
    <marc:datafield tag="994" ind1=" " ind2=" ">
        <marc:subfield code="a">92</marc:subfield>
        <marc:subfield code="b">AGL</marc:subfield>
    </marc:datafield>
</marc:record>