

<!-- (4) mms id: 9915486661107426 
     displays $a DigiMet, $multiple $v's paired with $multiple $p's
     No Known display issues
-->
<marc:record>
    <marc:leader>02828cas a2200889 a 4500</marc:leader>
    <marc:controlfield tag="001">9915486661107426</marc:controlfield>
    <marc:controlfield tag="005">20240624192331.0</marc:controlfield>
    <marc:controlfield tag="008">000919d19341942dcumr p      f0    0eng c</marc:controlfield>
    <marc:datafield tag="010" ind1=" " ind2=" ">
        <marc:subfield code="a">  2012229622</marc:subfield>
    </marc:datafield>
    <marc:datafield tag="016" ind1="7" ind2=" ">
        <marc:subfield code="a">CAT11081646</marc:subfield>
        <marc:subfield code="2">DNAL</marc:subfield>
    </marc:datafield>
    <marc:datafield tag="035" ind1=" " ind2=" ">
        <marc:subfield code="a">854802</marc:subfield>
    </marc:datafield>
    <marc:datafield tag="035" ind1=" " ind2=" ">
        <marc:subfield code="a">(OCoLC)86116125</marc:subfield>
    </marc:datafield>
    <marc:datafield tag="035" ind1=" " ind2=" ">
        <marc:subfield code="a">(DNAL)854802-naldb-Voyager</marc:subfield>
    </marc:datafield>
    <marc:datafield tag="040" ind1=" " ind2=" ">
        <marc:subfield code="a">UIU</marc:subfield>
        <marc:subfield code="b">eng</marc:subfield>
        <marc:subfield code="c">UIU</marc:subfield>
        <marc:subfield code="d">UIU</marc:subfield>
        <marc:subfield code="d">FUG</marc:subfield>
        <marc:subfield code="d">OCLCF</marc:subfield>
        <marc:subfield code="d">AGL</marc:subfield>
        <marc:subfield code="d">OCLCO</marc:subfield>
        <marc:subfield code="d">OCLCQ</marc:subfield>
    </marc:datafield>
    <marc:datafield tag="042" ind1=" " ind2=" ">
        <marc:subfield code="a">pcc</marc:subfield>
    </marc:datafield>
    <marc:datafield tag="043" ind1=" " ind2=" ">
        <marc:subfield code="a">n-us---</marc:subfield>
    </marc:datafield>
    <marc:datafield tag="049" ind1=" " ind2=" ">
        <marc:subfield code="a">AGLL</marc:subfield>
    </marc:datafield>
    <marc:datafield tag="070" ind1="0" ind2=" ">
        <marc:subfield code="a">1.9</marc:subfield>
        <marc:subfield code="b">En86N</marc:subfield>
    </marc:datafield>
    <marc:datafield tag="086" ind1="0" ind2=" ">
        <marc:subfield code="a">A 9.12:</marc:subfield>
    </marc:datafield>
    <marc:datafield tag="086" ind1="0" ind2=" ">
        <marc:subfield code="a">A 56.12:</marc:subfield>
    </marc:datafield>
    <marc:datafield tag="110" ind1="1" ind2=" ">
        <marc:subfield code="a">United States.</marc:subfield>
        <marc:subfield code="b">Bureau of Entomology and Plant Quarantine.</marc:subfield>
        <marc:subfield code="0">http://id.loc.gov/authorities/names/n82115277</marc:subfield>
    </marc:datafield>
    <marc:datafield tag="245" ind1="1" ind2="0">
        <marc:subfield code="a">News letter.</marc:subfield>
    </marc:datafield>
    <marc:datafield tag="246" ind1="3" ind2=" ">
        <marc:subfield code="a">Newsletter</marc:subfield>
    </marc:datafield>
    <marc:datafield tag="260" ind1=" " ind2=" ">
        <marc:subfield code="a">[Washington, D.C.] :</marc:subfield>
        <marc:subfield code="b">Bureau of Entomology and Plant Quarantine,</marc:subfield>
        <marc:subfield code="c">1934-</marc:subfield>
    </marc:datafield>
    <marc:datafield tag="300" ind1=" " ind2=" ">
        <marc:subfield code="a">9 volumes ;</marc:subfield>
        <marc:subfield code="c">28 cm</marc:subfield>
    </marc:datafield>
    <marc:datafield tag="310" ind1=" " ind2=" ">
        <marc:subfield code="a">Monthly</marc:subfield>
    </marc:datafield>
    <marc:datafield tag="336" ind1=" " ind2=" ">
        <marc:subfield code="a">text</marc:subfield>
        <marc:subfield code="b">txt</marc:subfield>
        <marc:subfield code="2">rdacontent</marc:subfield>
    </marc:datafield>
    <marc:datafield tag="337" ind1=" " ind2=" ">
        <marc:subfield code="a">unmediated</marc:subfield>
        <marc:subfield code="b">n</marc:subfield>
        <marc:subfield code="2">rdamedia</marc:subfield>
    </marc:datafield>
    <marc:datafield tag="338" ind1=" " ind2=" ">
        <marc:subfield code="a">volume</marc:subfield>
        <marc:subfield code="b">nc</marc:subfield>
        <marc:subfield code="2">rdacarrier</marc:subfield>
    </marc:datafield>
    <marc:datafield tag="362" ind1="0" ind2=" ">
        <marc:subfield code="a">Vol. 1 (June 1934)-</marc:subfield>
    </marc:datafield>
    <marc:datafield tag="362" ind1="1" ind2=" ">
        <marc:subfield code="a">Ceased with v. 9, no. 4, (Feb. 1942).</marc:subfield>
    </marc:datafield>
    <marc:datafield tag="580" ind1=" " ind2=" ">
        <marc:subfield code="a">Formed by the union of: Plant Quarantine News letter; Bureau of Entomology Month letter and; Bureau of Plant Industry Blister rust news.</marc:subfield>
    </marc:datafield>
    <marc:datafield tag="591" ind1=" " ind2=" ">
        <marc:subfield code="b">NAL Reclamation</marc:subfield>
    </marc:datafield>
    <marc:datafield tag="593" ind1=" " ind2=" ">
        <marc:subfield code="f">Agricola CAT</marc:subfield>
    </marc:datafield>
    <marc:datafield tag="650" ind1=" " ind2="0">
        <marc:subfield code="a">Entomology</marc:subfield>
        <marc:subfield code="v">Periodicals.</marc:subfield>
        <marc:subfield code="0">http://id.loc.gov/authorities/subjects/sh85044129</marc:subfield>
    </marc:datafield>
    <marc:datafield tag="650" ind1=" " ind2="0">
        <marc:subfield code="a">Beneficial insects</marc:subfield>
        <marc:subfield code="z">United States</marc:subfield>
        <marc:subfield code="v">Periodicals.</marc:subfield>
    </marc:datafield>
    <marc:datafield tag="650" ind1=" " ind2="0">
        <marc:subfield code="a">Plant diseases</marc:subfield>
        <marc:subfield code="z">United States</marc:subfield>
        <marc:subfield code="v">Periodicals.</marc:subfield>
    </marc:datafield>
    <marc:datafield tag="651" ind1=" " ind2="7">
        <marc:subfield code="a">United States.</marc:subfield>
        <marc:subfield code="2">fast</marc:subfield>
        <marc:subfield code="0">(OCoLC)fst01204155</marc:subfield>
    </marc:datafield>
    <marc:datafield tag="655" ind1=" " ind2="7">
        <marc:subfield code="a">Periodicals.</marc:subfield>
        <marc:subfield code="2">fast</marc:subfield>
        <marc:subfield code="0">(OCoLC)fst01411641</marc:subfield>
    </marc:datafield>
    <marc:datafield tag="710" ind1="1" ind2=" ">
        <marc:subfield code="a">United States.</marc:subfield>
        <marc:subfield code="b">Bureau of Entomology and Plant Quarantine.</marc:subfield>
        <marc:subfield code="0">http://id.loc.gov/authorities/names/n82115277</marc:subfield>
    </marc:datafield>
    <marc:datafield tag="780" ind1="1" ind2="4">
        <marc:subfield code="a">Bureau of Plant Quarantine.</marc:subfield>
        <marc:subfield code="t">News letter</marc:subfield>
    </marc:datafield>
    <marc:datafield tag="780" ind1="1" ind2="4">
        <marc:subfield code="a">United States. Bureau of Entomology.</marc:subfield>
        <marc:subfield code="t">Monthly letter of the Bureau of Entomology</marc:subfield>
        <marc:subfield code="w">(DLC)  2012229582</marc:subfield>
        <marc:subfield code="w">(OCoLC)27125564</marc:subfield>
    </marc:datafield>
    <marc:datafield tag="780" ind1="1" ind2="4">
        <marc:subfield code="t">Blister rust news</marc:subfield>
        <marc:subfield code="w">(OCoLC)1780565</marc:subfield>
    </marc:datafield>
    <marc:datafield tag="856" ind1="4" ind2="1">
        <marc:subfield code="u">https://archive.org/details/usda-newsletterentomologyplantquarantine</marc:subfield>
    </marc:datafield>
    <marc:datafield tag="912" ind1=" " ind2=" ">
        <marc:subfield code="a">nalcatalog</marc:subfield>
    </marc:datafield>
    <marc:datafield tag="930" ind1=" " ind2=" ">
        <marc:subfield code="a">20140902</marc:subfield>
        <marc:subfield code="b">20141003</marc:subfield>
        <marc:subfield code="c">00000000</marc:subfield>
    </marc:datafield>
    <marc:datafield tag="939" ind1=" " ind2=" ">
        <marc:subfield code="a">20140428</marc:subfield>
        <marc:subfield code="b">20140502</marc:subfield>
        <marc:subfield code="c">00000000</marc:subfield>
    </marc:datafield>
    <marc:datafield tag="945" ind1=" " ind2=" ">
        <marc:subfield code="a">DigiMet</marc:subfield>
        <marc:subfield code="v">pt. 1</marc:subfield>
        <marc:subfield code="p">142</marc:subfield>
        <marc:subfield code="v">pt. 2</marc:subfield>
        <marc:subfield code="p">334</marc:subfield>
        <marc:subfield code="v">pt. 3</marc:subfield>
        <marc:subfield code="p">352</marc:subfield>
        <marc:subfield code="v">pt. 4</marc:subfield>
        <marc:subfield code="p">404</marc:subfield>
        <marc:subfield code="v">pt. 5</marc:subfield>
        <marc:subfield code="p">390</marc:subfield>
        <marc:subfield code="v">pt. 6</marc:subfield>
        <marc:subfield code="p">410</marc:subfield>
        <marc:subfield code="v">pt. 7</marc:subfield>
        <marc:subfield code="p">430</marc:subfield>
        <marc:subfield code="v">pt. 8</marc:subfield>
        <marc:subfield code="p">452</marc:subfield>
        <marc:subfield code="v">pt. 9</marc:subfield>
        <marc:subfield code="p">110</marc:subfield>
    </marc:datafield>
    <marc:datafield tag="946" ind1=" " ind2=" ">
        <marc:subfield code="a">USDA</marc:subfield>
    </marc:datafield>
    <marc:datafield tag="959" ind1=" " ind2=" ">
        <marc:subfield code="c">2014-04-28</marc:subfield>
        <marc:subfield code="e">jgilbert</marc:subfield>
        <marc:subfield code="g">upgrade</marc:subfield>
    </marc:datafield>
    <marc:datafield tag="994" ind1=" " ind2=" ">
        <marc:subfield code="a">92</marc:subfield>
        <marc:subfield code="b">AGL</marc:subfield>
    </marc:datafield>
</marc:record>