

<!--(5) mms id: 9915486637607426 displays and raises some issues regarding the following:
    -Two different $a's 
            starts with:  
                 <marc:subfield code="a">SRC2009</marc:subfield>
             not:
                <marc:subfield code="a">DigiMet</marc:subfield>
                
    -Multiple $v (not always listing a $p after it)
           *excerpted from lines 267-268*
              <marc:subfield code="v">pt. 11</marc:subfield>  <~~ does this volume require that it also list a page #?
              <marc:subfield code="v">pt. 12</marc:subfield>
              <marc:subfield code="p">212</marc:subfield>
   
   -Multiple subfield p's 
            *no issues*
            
-->
<marc:record>
    <marc:leader>04955cas a2201573 a 4500</marc:leader>
    <marc:controlfield tag="001">9915486637607426</marc:controlfield>
    <marc:controlfield tag="005">20240624192335.0</marc:controlfield>
    <marc:controlfield tag="008">000919d19391963pr fr p      f0    0eng  </marc:controlfield>
    <marc:datafield tag="010" ind1=" " ind2=" ">
        <marc:subfield code="a">s  40000008 </marc:subfield>
        <marc:subfield code="z">   54000008 </marc:subfield>
    </marc:datafield>
    <marc:datafield tag="016" ind1="7" ind2=" ">
        <marc:subfield code="a">CAT11081185</marc:subfield>
        <marc:subfield code="2">DNAL</marc:subfield>
    </marc:datafield>
    <marc:datafield tag="019" ind1=" " ind2=" ">
        <marc:subfield code="a">225539802</marc:subfield>
        <marc:subfield code="a">1029968984</marc:subfield>
        <marc:subfield code="a">1035218894</marc:subfield>
    </marc:datafield>
    <marc:datafield tag="035" ind1=" " ind2=" ">
        <marc:subfield code="a">854342</marc:subfield>
    </marc:datafield>
    <marc:datafield tag="035" ind1=" " ind2=" ">
        <marc:subfield code="a">(OCoLC)01553363</marc:subfield>
        <marc:subfield code="z">(OCoLC)225539802</marc:subfield>
        <marc:subfield code="z">(OCoLC)1029968984</marc:subfield>
        <marc:subfield code="z">(OCoLC)1035218894</marc:subfield>
    </marc:datafield>
    <marc:datafield tag="035" ind1=" " ind2=" ">
        <marc:subfield code="a">(DNAL)854342-naldb-Voyager</marc:subfield>
    </marc:datafield>
    <marc:datafield tag="035" ind1=" " ind2=" ">
        <marc:subfield code="z">(OCoLC)225539802</marc:subfield>
        <marc:subfield code="z">(OCoLC)1029968984</marc:subfield>
        <marc:subfield code="z">(OCoLC)1035218894</marc:subfield>
    </marc:datafield>
    <marc:datafield tag="040" ind1=" " ind2=" ">
        <marc:subfield code="a">MUL</marc:subfield>
        <marc:subfield code="b">eng</marc:subfield>
        <marc:subfield code="c">MUL</marc:subfield>
        <marc:subfield code="d">OCL</marc:subfield>
        <marc:subfield code="d">CLE</marc:subfield>
        <marc:subfield code="d">VXG</marc:subfield>
        <marc:subfield code="d">OCL</marc:subfield>
        <marc:subfield code="d">OCLCQ</marc:subfield>
        <marc:subfield code="d">AU@</marc:subfield>
        <marc:subfield code="d">UBC</marc:subfield>
        <marc:subfield code="d">AGL</marc:subfield>
        <marc:subfield code="d">DLC</marc:subfield>
        <marc:subfield code="d">OCLCA</marc:subfield>
        <marc:subfield code="d">OCLCQ</marc:subfield>
        <marc:subfield code="d">OCLCA</marc:subfield>
        <marc:subfield code="d">OCLCF</marc:subfield>
        <marc:subfield code="d">OCLCO</marc:subfield>
        <marc:subfield code="d">PAU</marc:subfield>
        <marc:subfield code="d">OCLCQ</marc:subfield>
    </marc:datafield>
    <marc:datafield tag="041" ind1="0" ind2=" ">
        <marc:subfield code="a">eng</marc:subfield>
        <marc:subfield code="b">spa</marc:subfield>
    </marc:datafield>
    <marc:datafield tag="042" ind1=" " ind2=" ">
        <marc:subfield code="a">pcc</marc:subfield>
    </marc:datafield>
    <marc:datafield tag="043" ind1=" " ind2=" ">
        <marc:subfield code="a">cc-----</marc:subfield>
        <marc:subfield code="a">w------</marc:subfield>
    </marc:datafield>
    <marc:datafield tag="049" ind1=" " ind2=" ">
        <marc:subfield code="a">AGLL</marc:subfield>
    </marc:datafield>
    <marc:datafield tag="050" ind1="0" ind2="0">
        <marc:subfield code="a">SD1</marc:subfield>
        <marc:subfield code="b">.C25</marc:subfield>
    </marc:datafield>
    <marc:datafield tag="070" ind1="0" ind2=" ">
        <marc:subfield code="a">1.9622</marc:subfield>
        <marc:subfield code="b">T2C23</marc:subfield>
    </marc:datafield>
    <marc:datafield tag="072" ind1=" " ind2="0">
        <marc:subfield code="a">K100</marc:subfield>
    </marc:datafield>
    <marc:datafield tag="245" ind1="0" ind2="4">
        <marc:subfield code="a">The Caribbean forester.</marc:subfield>
    </marc:datafield>
    <marc:datafield tag="260" ind1=" " ind2=" ">
        <marc:subfield code="a">Rio Piedras, P.R. :</marc:subfield>
        <marc:subfield code="b">Tropical Forest Experiment Station, United States Forest Service,</marc:subfield>
        <marc:subfield code="c">[1939]-1963.</marc:subfield>
    </marc:datafield>
    <marc:datafield tag="300" ind1=" " ind2=" ">
        <marc:subfield code="a">24 volumes :</marc:subfield>
        <marc:subfield code="b">illustrations ;</marc:subfield>
        <marc:subfield code="c">28 cm</marc:subfield>
    </marc:datafield>
    <marc:datafield tag="310" ind1=" " ind2=" ">
        <marc:subfield code="a">Semiannual,</marc:subfield>
        <marc:subfield code="b">1954-1963</marc:subfield>
    </marc:datafield>
    <marc:datafield tag="321" ind1=" " ind2=" ">
        <marc:subfield code="a">Quarterly,</marc:subfield>
        <marc:subfield code="b">1939-1953</marc:subfield>
    </marc:datafield>
    <marc:datafield tag="336" ind1=" " ind2=" ">
        <marc:subfield code="a">text</marc:subfield>
        <marc:subfield code="b">txt</marc:subfield>
        <marc:subfield code="2">rdacontent</marc:subfield>
    </marc:datafield>
    <marc:datafield tag="337" ind1=" " ind2=" ">
        <marc:subfield code="a">unmediated</marc:subfield>
        <marc:subfield code="b">n</marc:subfield>
        <marc:subfield code="2">rdamedia</marc:subfield>
    </marc:datafield>
    <marc:datafield tag="338" ind1=" " ind2=" ">
        <marc:subfield code="a">volume</marc:subfield>
        <marc:subfield code="b">nc</marc:subfield>
        <marc:subfield code="2">rdacarrier</marc:subfield>
    </marc:datafield>
    <marc:datafield tag="362" ind1="0" ind2=" ">
        <marc:subfield code="a">Vol. 1, no. 1 (Oct. 1939)-v. 24, no. 2 (1963).</marc:subfield>
    </marc:datafield>
    <marc:datafield tag="525" ind1=" " ind2=" ">
        <marc:subfield code="a">Some issues accompanied by unnumbered supplements.</marc:subfield>
    </marc:datafield>
    <marc:datafield tag="546" ind1=" " ind2=" ">
        <marc:subfield code="a">English with abstracts in Spanish.</marc:subfield>
    </marc:datafield>
    <marc:datafield tag="550" ind1=" " ind2=" ">
        <marc:subfield code="a">Issued by: Tropical Forest Experiment Station, 1939-1956; Tropical Forest Research Center, 1957-1960; Institute of Tropical Forestry, 1961-1963.</marc:subfield>
    </marc:datafield>
    <marc:datafield tag="550" ind1=" " ind2=" ">
        <marc:subfield code="a">Edited by Southern Forest Experiment Station, New Orleans, La, Oct. 1939-July 1941.</marc:subfield>
    </marc:datafield>
    <marc:datafield tag="555" ind1=" " ind2=" ">
        <marc:subfield code="a">V. 1-10, 1939-1949. 1 v.; v. 11-20, 1949-1959, in v. 20, nos. 3-4; v. 1-24, 1939-1963, in v. 24, no. 2.</marc:subfield>
    </marc:datafield>
    <marc:datafield tag="580" ind1=" " ind2=" ">
        <marc:subfield code="a">Superseded by its Forest Service research paper ITF and its U.S. Forest Service research note ITF.</marc:subfield>
    </marc:datafield>
    <marc:datafield tag="591" ind1=" " ind2=" ">
        <marc:subfield code="b">NAL Reclamation</marc:subfield>
    </marc:datafield>
    <marc:datafield tag="593" ind1=" " ind2=" ">
        <marc:subfield code="f">Agricola CAT</marc:subfield>
    </marc:datafield>
    <marc:datafield tag="650" ind1=" " ind2="0">
        <marc:subfield code="a">Forests and forestry</marc:subfield>
        <marc:subfield code="z">Caribbean Area</marc:subfield>
        <marc:subfield code="v">Periodicals.</marc:subfield>
    </marc:datafield>
    <marc:datafield tag="650" ind1=" " ind2="0">
        <marc:subfield code="a">Forests and forestry</marc:subfield>
        <marc:subfield code="z">Tropics</marc:subfield>
        <marc:subfield code="v">Periodicals.</marc:subfield>
    </marc:datafield>
    <marc:datafield tag="651" ind1=" " ind2="7">
        <marc:subfield code="a">Caribbean Area.</marc:subfield>
        <marc:subfield code="2">fast</marc:subfield>
        <marc:subfield code="0">(OCoLC)fst01244080</marc:subfield>
    </marc:datafield>
    <marc:datafield tag="651" ind1=" " ind2="7">
        <marc:subfield code="a">Tropics.</marc:subfield>
        <marc:subfield code="2">fast</marc:subfield>
        <marc:subfield code="0">(OCoLC)fst01240674</marc:subfield>
    </marc:datafield>
    <marc:datafield tag="655" ind1=" " ind2="3">
        <marc:subfield code="a">Internet resource.</marc:subfield>
    </marc:datafield>
    <marc:datafield tag="655" ind1=" " ind2="7">
        <marc:subfield code="a">Periodicals.</marc:subfield>
        <marc:subfield code="2">fast</marc:subfield>
        <marc:subfield code="0">(OCoLC)fst01411641</marc:subfield>
    </marc:datafield>
    <marc:datafield tag="710" ind1="2" ind2=" ">
        <marc:subfield code="a">Tropical Forest Experiment Station (Río Piedras, San Juan, P.R.)</marc:subfield>
        <marc:subfield code="0">http://id.loc.gov/authorities/names/no2010063384</marc:subfield>
    </marc:datafield>
    <marc:datafield tag="710" ind1="2" ind2=" ">
        <marc:subfield code="a">Tropical Forest Research Center (Río Piedras, San Juan, P.R.)</marc:subfield>
        <marc:subfield code="0">http://id.loc.gov/authorities/names/no2010063385</marc:subfield>
    </marc:datafield>
    <marc:datafield tag="710" ind1="2" ind2=" ">
        <marc:subfield code="a">Institute of Tropical Forestry (Río Piedras, San Juan, P.R.)</marc:subfield>
        <marc:subfield code="0">http://id.loc.gov/authorities/names/n50064401</marc:subfield>
    </marc:datafield>
    <marc:datafield tag="710" ind1="2" ind2=" ">
        <marc:subfield code="a">Southern Forest Experiment Station (New Orleans, La.)</marc:subfield>
    </marc:datafield>
    <marc:datafield tag="776" ind1="0" ind2="8">
        <marc:subfield code="i">Online version:</marc:subfield>
        <marc:subfield code="t">Caribbean forester</marc:subfield>
        <marc:subfield code="w">(OCoLC)633310317</marc:subfield>
    </marc:datafield>
    <marc:datafield tag="785" ind1="0" ind2="0">
        <marc:subfield code="a">Institute of Tropical Forestry (Río Piedras, San Juan, P.R.).</marc:subfield>
        <marc:subfield code="t">Forest Service research paper ITF</marc:subfield>
        <marc:subfield code="x">0565-6338</marc:subfield>
        <marc:subfield code="w">(OCoLC)2671049</marc:subfield>
    </marc:datafield>
    <marc:datafield tag="785" ind1="0" ind2="0">
        <marc:subfield code="t">U.S. Forest Service research note ITF</marc:subfield>
        <marc:subfield code="x">0565-6346</marc:subfield>
        <marc:subfield code="w">(DLC)agr66000014</marc:subfield>
        <marc:subfield code="w">(OCoLC)2749353</marc:subfield>
    </marc:datafield>
    <marc:datafield tag="850" ind1=" " ind2=" ">
        <marc:subfield code="a">DLC</marc:subfield>
        <marc:subfield code="a">DNAL</marc:subfield>
    </marc:datafield>
    <marc:datafield tag="856" ind1="4" ind2="1">
        <marc:subfield code="u">https://archive.org/details/usda-caribbeanforester</marc:subfield>
    </marc:datafield>
    <marc:datafield tag="912" ind1=" " ind2=" ">
        <marc:subfield code="a">nalcatalog</marc:subfield>
    </marc:datafield>
    <marc:datafield tag="930" ind1=" " ind2=" ">
        <marc:subfield code="a">20140812</marc:subfield>
        <marc:subfield code="b">20140905</marc:subfield>
        <marc:subfield code="c">00000000</marc:subfield>
    </marc:datafield>
    <marc:datafield tag="939" ind1=" " ind2=" ">
        <marc:subfield code="a">20100413</marc:subfield>
        <marc:subfield code="b">20100501</marc:subfield>
        <marc:subfield code="c">00000000</marc:subfield>
    </marc:datafield>
    <marc:datafield tag="945" ind1=" " ind2=" ">
        <marc:subfield code="a">SRC2009</marc:subfield>
        <marc:subfield code="v">pt. 1</marc:subfield>
        <marc:subfield code="p">150</marc:subfield>
        <marc:subfield code="a">DigiMet</marc:subfield>
        <marc:subfield code="v">pt. 2</marc:subfield>
        <marc:subfield code="p">222</marc:subfield>
        <marc:subfield code="v">pt. 3</marc:subfield>
        <marc:subfield code="p">198</marc:subfield>
        <marc:subfield code="v">pt. 4</marc:subfield>
        <marc:subfield code="p">216</marc:subfield>
        <marc:subfield code="v">pt. 5</marc:subfield>
        <marc:subfield code="p">232</marc:subfield>
        <marc:subfield code="v">pt. 6</marc:subfield>
        <marc:subfield code="p">440</marc:subfield>
        <marc:subfield code="v">pt. 7</marc:subfield>
        <marc:subfield code="p">740</marc:subfield>
        <marc:subfield code="v">pt. 8</marc:subfield>
        <marc:subfield code="p">354</marc:subfield>
        <marc:subfield code="v">pt. 9</marc:subfield>
        <marc:subfield code="p">404</marc:subfield>
        <marc:subfield code="v">pt. 10</marc:subfield>
        <marc:subfield code="p">364</marc:subfield>
        <marc:subfield code="v">pt. 11</marc:subfield>
        <marc:subfield code="v">pt. 12</marc:subfield>
        <marc:subfield code="p">212</marc:subfield>
        <marc:subfield code="v">pt. 13</marc:subfield>
        <marc:subfield code="v">pt. 14</marc:subfield>
        <marc:subfield code="p">182</marc:subfield>
        <marc:subfield code="v">pt. 15</marc:subfield>
        <marc:subfield code="p">140</marc:subfield>
        <marc:subfield code="v">pt. 16</marc:subfield>
        <marc:subfield code="p">114</marc:subfield>
        <marc:subfield code="v">pt. 17</marc:subfield>
        <marc:subfield code="p">124</marc:subfield>
        <marc:subfield code="v">pt. 18</marc:subfield>
        <marc:subfield code="p">112</marc:subfield>
        <marc:subfield code="v">pt. 19</marc:subfield>
        <marc:subfield code="p">100</marc:subfield>
        <marc:subfield code="v">pt. 20</marc:subfield>
        <marc:subfield code="v">pt. 21</marc:subfield>
        <marc:subfield code="p">540</marc:subfield>
        <marc:subfield code="v">pt. 22</marc:subfield>
        <marc:subfield code="v">pt. 23</marc:subfield>
        <marc:subfield code="p">132</marc:subfield>
        <marc:subfield code="v">pt. 24</marc:subfield>
        <marc:subfield code="p">158</marc:subfield>
    </marc:datafield>
    <marc:datafield tag="946" ind1=" " ind2=" ">
        <marc:subfield code="a">USDA</marc:subfield>
    </marc:datafield>
    <marc:datafield tag="958" ind1=" " ind2=" ">
        <marc:subfield code="b">e</marc:subfield>
        <marc:subfield code="c">2010-04-12</marc:subfield>
        <marc:subfield code="d">o</marc:subfield>
        <marc:subfield code="e">dgoldber</marc:subfield>
        <marc:subfield code="h">recon</marc:subfield>
    </marc:datafield>
    <marc:datafield tag="994" ind1=" " ind2=" ">
        <marc:subfield code="a">92</marc:subfield>
        <marc:subfield code="b">AGL</marc:subfield>
    </marc:datafield>
</marc:record>